@INPROCEEDINGS{1598556,  author={Nadeem, A. and Javed, M.Y.},  booktitle={2005 International Conference on Information and Communication Technologies},   title={A Performance Comparison of Data Encryption Algorithms},   year={2005},  volume={},  number={},  pages={84-89},  doi={10.1109/ICICT.2005.1598556}}

@article{al2006performance,
  title={Performance analysis of data encryption algorithms},
  author={Al Tamimi, Abdel-Karim},
  journal={available at weblink: http://www. cse. wustl. edu/\~{} jain/cse567-06/ftp/encryption\_perf/index. html},
  year={2006},
  publisher={Citeseer}
}

@misc{ proofpoint,
author = {proofpoint},
title = {What Is Encryption?},
url = {https://www.proofpoint.com/us/threat-reference/encryption}
}

@misc{ cloudflare,
author = {cloudflare},
title = {What is encryption? | Types of encryption},
url = {https://www.cloudflare.com/learning/ssl/what-is-encryption/}
}

@misc{ IBM,
author = {IBM},
title = {What is encryption? Data encryption defined },
url = {https://www.ibm.com/topics/encryption}
}

@unknown{unknown,
author = {Humadi, Ahmed},
year = {2020},
month = {12},
pages = {},
title = {Symmetric and Asymmetric Encryption},
doi = {10.13140/RG.2.2.21500.56962}
}

@incollection{CONRAD2016103,
title = {Chapter 4 - Domain 3: Security Engineering (Engineering and Management of Security)},
editor = {Eric Conrad and Seth Misenar and Joshua Feldman},
booktitle = {CISSP Study Guide (Third Edition)},
publisher = {Syngress},
edition = {Third Edition},
address = {Boston},
pages = {103-217},
year = {2016},
isbn = {978-0-12-802437-9},
doi = {https://doi.org/10.1016/B978-0-12-802437-9.00004-7},
url = {https://www.sciencedirect.com/science/article/pii/B9780128024379000047},
author = {Eric Conrad and Seth Misenar and Joshua Feldman},
keywords = {Asymmetric Encryption, Hash Function, Hypervisor, Mantrap, Tailgating, Trusted Computer System Evaluation Criteria, Symmetric Encryption}
}

@dataset{Jang,
author = {Jang, Jaejin},
year = {2017},
month = {01},
pages = {},
title = {master s thesis jaejinjang}
}

@misc{ encryptionconsulting,
author = {Encryption Consulting},
title = {Plaintext and Ciphertext},
url = {https://www.encryptionconsulting.com/education-center/what-are-plaintext-and-ciphertext}
}

@misc{ simplilearn,
author = {simplilearn},
title = {What Is DES (Data Encryption Standard): DES Algorithm and Operation},
year = {2022},
month = {03},
date = {04},
url = {https://www.simplilearn.com/what-is-des-article}
}`

@misc{ simplilearn1,
author = {simplilearn},
title = {What Is AES Encryption and How Does It Work?},
year = {2022},
month = {02},
date = {15},
url = {https://www.simplilearn.com/tutorials/cryptography-tutorial/aes-encryption}
}`

% Shamsa : I have to look up for the book from which this chapter is taken 

@misc{ TBA,
author = {TBA},
title = {TBA},
url = {https://academic.csuohio.edu/yuc/security/Chapter_06_Data_Encription_Standard.pdf}
}

@incollection{book,
  author      = "Behrouz A. Forouzan",
  title       = "Cryptography & Network Security",
  publisher   = "McGraw Hill",
  year        = 2004,
  pages       = "159-189",
  chapter     = 6,
}

@misc{ TBA1,
author = {TBA1},
title = {TBA1},
url = {https://www.nku.edu/~christensen/DESschneier.pdf}
}

@incollection{book1,
  author      = "Bruce Schneier",
  title       = "Applied Cryptography: Protocols, Algorithms and Source Code in C",
  publisher   = "John Wiley & Sons, Inc",
  year        = 1996,
  chapter     = 12,
}



@online{youtube,
title = {DES ( Data Encryption Standard ) Algorithm Part -1 Explained in Hindi l Network Security},
year = {2020},
month = {02},
date = {21},
organization = {5 Minutes Engineering},
author = {5 Minutes Engineering},
url = {https://www.youtube.com/watch?v=8B1rN1rnTiU},}

@online{youtube2,
title = {DES ( Data Encryption Standard ) Algorithm Part -2 Explained in Hindi | Network Security},
year = {2020},
month = {02},
date = {21},
organization = {5 Minutes Engineering},
author = {5 Minutes Engineering},
url = {https://www.youtube.com/watch?v=sL0gD1N-kfM},}

@online{youtube3,
title = {DES ( Data Encryption Standard ) Algorithm Part -3 Explained in Hindi | Network Security},
year = {2020},
month = {02},
date = {21},
organization = {5 Minutes Engineering},
author = {5 Minutes Engineering},
url = {https://www.youtube.com/watch?v=6Sycf0wI_q8},}

@online{youtube4,
title = {DES ( Data Encryption Standard ) Algorithm Part -4 Explained in Hindi l Network Security},
year = {2020},
month = {02},
date = {21},
organization = {5 Minutes Engineering},
author = {5 Minutes Engineering},
url = {https://www.youtube.com/watch?v=khFqzQVuYRQ},}


@misc{AES_Lecture,
  author        = {Jo{\~a}o Cunha},
  title         = {Lecture Notes on “Computer and Network Security”},
  date = {03}, 
  month         = {February},
  year          = {2022},
  publisher={Avinash Kak, Purdue University}
}

@misc{ tutorialspoint,
author = {tutorialspoint},
title = {Understanding RSA Algorithm},
url = {https://www.tutorialspoint.com/cryptography_with_python/cryptography_with_python_understanding_rsa_algorithm.htm}
}

@online{slideshare,
author = {5 Minutes Engineering},
title = {Blowfish Algorithm},
url = {https://slideplayer.com/slide/13412327/}
}

@online{ geeksforgeeks,
author = {GeeksforGeeks},
title = {Blowfish Algorithm with Examples - GeeksforGeeks},
url = {https://www.geeksforgeeks.org/blowfish-algorithm-with-examples/}
}

@misc{ geeksforgeeks,
author = {GeeksforGeeks},
title = {RSA Algorithm in Cryptography - GeeksforGeeks},
url = {https://www.geeksforgeeks.org/rsa-algorithm-cryptography/}
}

@misc{ scitechnol,
author = {Nidhi Girish},
title = {Comparative Analysis of Encryption Algorithms Against Text Files},
url = {https://www.scitechnol.com/peer-review/comparative-analysis-ofencryption-algorithms-againsttext-files-he2o.php?article_id=11544/}
}

@misc{ SecurityBind,
title = {Blowfish vs. AES: What Is the Difference? - SecurityBind},
url = {https://www.securitybind.com/blowfish-vs-aes-what-is-the-difference/#:~:text=Blowfish}
}